@misc{NXTtime_ussensor,
  title        = {The ultrasonic sensor},
  note={\url{https://nxttime.wordpress.com/2012/09/12/the-ultrasonic-sensor/}, accessed 2017-07-29},
}